<record><leader>00000cas a2200000 a 4500</leader><controlfield tag="001">32818459</controlfield><controlfield tag="008">950714d18811882nmuwr nea     0    0eng c</controlfield><datafield ind1=" " ind2=" " tag="010"><subfield code="a">sn2006058257</subfield></datafield><datafield ind1=" " ind2=" " tag="040"><subfield code="a">IQU</subfield><subfield code="b">eng</subfield><subfield code="c">IQU</subfield><subfield code="d">DLC</subfield><subfield code="d">OCLCQ</subfield><subfield code="d">OCLCF</subfield><subfield code="d">OCLCO</subfield></datafield><datafield ind1="1" ind2=" " tag="029"><subfield code="a">AU@</subfield><subfield code="b">000040998217</subfield></datafield><datafield ind1=" " ind2=" " tag="042"><subfield code="a">pcc</subfield></datafield><datafield ind1=" " ind2=" " tag="043"><subfield code="a">n-us-nm</subfield></datafield><datafield ind1="0" ind2="0" tag="050"><subfield code="a">Newspaper</subfield></datafield><datafield ind1=" " ind2=" " tag="090"><subfield code="a">AN62</subfield><subfield code="b">.A37</subfield></datafield><datafield ind1="0" ind2="0" tag="245"><subfield code="a">New Mexican mining news</subfield><subfield code="h">[microform].</subfield></datafield><datafield ind1="1" ind2="3" tag="246"><subfield code="a">New Mexico mining news</subfield></datafield><datafield ind1=" " ind2=" " tag="260"><subfield code="a">Santa Fe, N.M. :</subfield><subfield code="b">New Mexican Print. and Pub. Co.</subfield></datafield><datafield ind1=" " ind2=" " tag="300"><subfield code="a">v.</subfield></datafield><datafield ind1=" " ind2=" " tag="310"><subfield code="a">Weekly</subfield></datafield><datafield ind1="1" ind2=" " tag="362"><subfield code="a">Began May 18, 1881; ceased Sept. 1882.</subfield><subfield code="z">Cf. Grove, Pearce S. /New Mexico newspapers.</subfield></datafield><datafield ind1=" " ind2=" " tag="500"><subfield code="a">Microfilm published by BMI Imaging Systems. Dec. 21, 1881 filmed with scattered issues of: Agricultor moderno, of: Northwest New Mexican, of: Deming headlight (Deming, N.M. : 1881), of: Deming tribune and Lake Valley herald, of: Eddy argus, of: Eddy County citizen, of: Estancia news, of: Nuevas de la Estancia, of: Sierra County advocate, of: Kingston weekly shaft, of an undated collection of advertisements (19th century)--from Las Vegas, N.M., entitled: Boletin de anuncios, of: Cachiporra, of: Campaign bulletin (Las Vegas, N.M.), of: Chronicle (Las Vegas, N.M.), of: Daily examiner (Las Vegas, N.M.), of: Hispano-Americano (Las Vegas, N.M.), of: Las Vegas daily gazette, of: Las Vegas daily optic, of: Las Vegas record, of: Las Vegas weekly optic, of: New Mexico herald, of: Sol de mayo (Las Vegas, N.M. : 1891), of Voz del pueblo (Santa Fe, N.M. : 1889), of: Western liberal (Lordsburg, N.M.), of: Magdalena Mountain mail (Magdalena, N.M. : 1888), of: Estrella (Maldonado, N.M.), of: Cro&#769;nica de Mora, of: Gaceta de Mora, of: Mora echo, of: Mosquito (Mora, N.M.), of: Amigo del pueblo (Raton, N.M.), of: Raton range (Raton, N.M. : 1887), of: Raton reporter (Raton, N.M. : 1890), of: Rincon weekly, of: Roswell record, of: Comercio (San Acacia, N.M.), of: Libertad (San Marcial, N.M.), of: San Marcial bee, of: San Marcial reporter, of: Boletin popular (Santa Fe, N.M.), of: Capital (Santa Fe, N.M.), of: Gato (Santa Fe, N.M.), of: Gauntlet (Santa Fe, N.M.), of: Guia de Santa Fe, of: Nuevo Me&#769;xicano (Santa Fe, N.M. : 1890), of: Registro de Nuevo Me&#769;xico, of: Santa Fe daily New Mexican (Santa Fe, N.M. : 1881), and of: Santa Fe daily New Mexican (Santa Fe, N.M. : 1885).</subfield></datafield><datafield ind1=" " ind2=" " tag="588"><subfield code="a">Description based on: Vol. 1, no. 32 (Dec. 31, 1881).</subfield></datafield><datafield ind1=" " ind2=" " tag="533"><subfield code="a">Microfilm.</subfield><subfield code="b">Palo Alto, Calif. :</subfield><subfield code="c">Bay Microfilm, Library Microfilms Div.,</subfield><subfield code="e">1 microfilm reel ; 35 mm.</subfield><subfield code="f">(Chicano studies. Sec. 6 ; reel 61).</subfield></datafield><datafield ind1=" " ind2="0" tag="650"><subfield code="a">Mines and mineral resources</subfield><subfield code="z">New Mexico</subfield><subfield code="v">Newspapers.</subfield></datafield><datafield ind1=" " ind2="0" tag="651"><subfield code="a">Santa Fe (N.M.)</subfield><subfield code="v">Newspapers.</subfield></datafield><datafield ind1=" " ind2="0" tag="651"><subfield code="a">Santa Fe County (N.M.)</subfield><subfield code="v">Newspapers.</subfield></datafield><datafield ind1=" " ind2="7" tag="655"><subfield code="a">Newspapers.</subfield><subfield code="2">fast</subfield><subfield code="0">(OCoLC)fst01423814</subfield></datafield><datafield ind1=" " ind2="7" tag="650"><subfield code="a">Mines and mineral resources.</subfield><subfield code="2">fast</subfield><subfield code="0">(OCoLC)fst01022541</subfield></datafield><datafield ind1=" " ind2="7" tag="651"><subfield code="a">New Mexico.</subfield><subfield code="2">fast</subfield><subfield code="0">(OCoLC)fst01204269</subfield></datafield><datafield ind1=" " ind2="7" tag="651"><subfield code="a">New Mexico</subfield><subfield code="z">Santa Fe.</subfield><subfield code="2">fast</subfield><subfield code="0">(OCoLC)fst01205208</subfield></datafield><datafield ind1=" " ind2="7" tag="651"><subfield code="a">New Mexico</subfield><subfield code="z">Santa Fe County.</subfield><subfield code="2">fast</subfield><subfield code="0">(OCoLC)fst01216898</subfield></datafield><datafield ind1=" " ind2=" " tag="752"><subfield code="a">United States</subfield><subfield code="b">New Mexico</subfield><subfield code="c">Santa Fe</subfield><subfield code="d">Santa Fe.</subfield></datafield><datafield ind1=" " ind2="0" tag="830"><subfield code="a">Chicano studies (Berkeley, Calif.).</subfield><subfield code="n">Sec. 6 ;</subfield><subfield code="v">reel 61.</subfield></datafield></record>